@article{skarstad2016human,
  title={Do human rights violations increase the risk of civil war?},
  author={Skarstad, Kjersti and Strand, H{\aa}vard},
  journal={International Area Studies Review},
  volume={19},
  number={2},
  pages={107--130},
  year={2016},
  publisher={SAGE Publications Sage UK: London, England}
}


@article{rost2011human,
  title={Human rights violations, weak states, and civil war},
  author={Rost, Nicolas},
  journal={Human Rights Review},
  volume={12},
  pages={417--440},
  year={2011},
  publisher={Springer}
}

@book{fearon2012governance,
  title={Governance and civil war onset},
  author={Fearon, James D},
  year={2012},
  publisher={World Bank}
}

@article{jahnke2022predictors,
  title={Predictors of political violence outcomes among young people: A systematic review and meta-analysis},
  author={Jahnke, Sara and Abad Borger, Katharina and Beelmann, Andreas},
  journal={Political Psychology},
  volume={43},
  number={1},
  pages={111--129},
  year={2022},
  publisher={Wiley Online Library}
}

@article{kocher2011aerial,
  title={Aerial bombing and counterinsurgency in the Vietnam War},
  author={Kocher, Matthew Adam and Pepinsky, Thomas B and Kalyvas, Stathis N},
  journal={American Journal of Political Science},
  volume={55},
  number={2},
  pages={201--218},
  year={2011},
  publisher={Wiley Online Library}
}


@article{taylor2019does,
  title={Does violence beget violence? The role of family ethnic socialization and intergroup bias among youth in a setting of protracted intergroup conflict},
  author={Taylor, Laura K and McKeown, Shelley},
  journal={International Journal of Behavioral Development},
  volume={43},
  number={5},
  pages={403--408},n
  year={2019},
  publisher={Sage Publications Sage UK: London, England}
}

@article{nasie2021ethno,
  title={Ethno-political socialization of young children in societies involved in intractable conflict: The case of Israel},
  author={Nasie, Meytal and Reifen Tagar, Michal and Bar-Tal, Daniel},
  journal={Journal of Social Issues},
  volume={77},
  number={4},
  pages={1257--1281},
  year={2021},
  publisher={Wiley Online Library}
}

@article{lyall2009does,
  title={Does indiscriminate violence incite insurgent attacks? Evidence from Chechnya},
  author={Lyall, Jason},
  journal={Journal of Conflict Resolution},
  volume={53},
  number={3},
  pages={331--362},
  year={2009},
  publisher={Sage Publications Sage CA: Los Angeles, CA}
}