@incollection{angrist1999empirical,
  title={Empirical strategies in labor economics},
  author={Angrist, Joshua D and Krueger, Alan B},
  booktitle={Handbook of labor economics},
  volume={3},
  pages={1277--1366},
  year={1999},
  publisher={Elsevier}
}

@article{yitzhaki1996using,
  title={On using linear regressions in welfare economics},
  author={Yitzhaki, Shlomo},
  journal={Journal of Business \& Economic Statistics},
  volume={14},
  number={4},
  pages={478--486},
  year={1996},
  publisher={Taylor \& Francis}
}