
@book{dixit2008art,
  title={{The Art of Strategy: a Game Theorist's Guide to Success in Business \& Life}},
  author={Dixit, Avinash K and Nalebuff, Barry J},
  year={2008},
  publisher={WW Norton \& Company}
}


@book{osborne2004introduction,
  title={{An Introduction to Game Theory}},
  author={Osborne, Martin J},
  year={2004},
  publisher={Oxford University Press New York}
}

@book{myerson1997game,
  title={{Game Theory: Analysis of Conflict}},
  author={Myerson, Roger B},
  year={1997},
  publisher={Harvard University Press}
}



@article{roemer1982new,
	Author = {Roemer, John E},
	Date-Added = {2014-01-22 20:54:31 +0000},
	Date-Modified = {2014-01-22 20:54:31 +0000},
	Journal = {Politics \& Society},
	Number = {3},
	Pages = {253--287},
	Publisher = {Sage Publications},
	Title = {{New directions in the Marxian theory of exploitation and class}},
	Volume = {11},
	Year = {1982}}

@article{wood1979marx,
	Author = {Wood, Allen W},
	Date-Added = {2014-01-22 20:12:07 +0000},
	Date-Modified = {2014-01-22 20:12:07 +0000},
	Journal = {Philosophy \& Public Affairs},
	Number = {3},
	Pages = {267--295},
	Publisher = {JSTOR},
	Title = {{Marx on right and justice: a reply to Husami}},
	Volume = {8},
	Year = {1979}}

@book{stiglitz1996whither,
	Author = {Stiglitz, Joseph E},
	Date-Added = {2014-01-22 20:11:55 +0000},
	Date-Modified = {2014-01-22 20:11:55 +0000},
	Publisher = {The MIT Press},
	Title = {Whither socialism?},
	Year = {1996}}

@book{raz1986morality,
	Author = {Raz, Joseph},
	Date-Added = {2014-01-22 20:11:46 +0000},
	Date-Modified = {2014-01-22 20:11:46 +0000},
	Publisher = {Oxford University Press},
	Title = {The morality of freedom},
	Year = {1986}}

@article{bowles1998endogenous,
	Author = {Bowles, Samuel},
	Date-Added = {2014-01-22 20:11:38 +0000},
	Date-Modified = {2014-01-22 20:11:38 +0000},
	Journal = {Journal of economic literature},
	Number = {1},
	Pages = {75--111},
	Publisher = {JSTOR},
	Title = {{Endogenous preferences: The cultural consequences of markets and other economic institutions}},
	Volume = {36},
	Year = {1998}}

@incollection{hirschman1992rival,
	Author = {Hirschman, Albert O},
	Booktitle = {{Rival Views of Market Society and Other Recent Essays}},
	Date-Added = {2014-01-22 20:10:25 +0000},
	Date-Modified = {2014-01-22 20:11:05 +0000},
	Editor = {Hirschman, Albert O},
	Publisher = {Harvard University Press},
	Title = {Rival Views of Market Society},
	Year = {1992}}

@incollection{sen1985moral,
	Author = {Amartya Sen},
	Booktitle = {Ethics and economics},
	Date-Added = {2014-01-22 20:09:41 +0000},
	Date-Modified = {2014-01-22 20:09:41 +0000},
	Editor = {Paul, Ellen Frankel and Paul, Jeffrey and Miller, Fred Dycus},
	Publisher = {B. Blackwell for the Social Philosophy and Policy Center, Bowling Green State University},
	Title = {{The Moral Standing of the Market}},
	Year = {1985}}

@incollection{gibbard1985morally,
	Author = {Allan Gibbard},
	Booktitle = {Ethics and economics},
	Date-Added = {2014-01-22 20:09:01 +0000},
	Date-Modified = {2014-01-22 21:04:31 +0000},
	Editor = {Paul, Ellen Frankel and Paul, Jeffrey and Miller, Fred Dycus},
	Publisher = {B. Blackwell for the Social Philosophy and Policy Center, Bowling Green State University},
	Title = {{What's Morally Special About Free Exchange?}},
	Year = {1985}}

@book{gauthier1969logic,
	Author = {Gauthier, David P},
	Date-Added = {2014-01-22 20:08:12 +0000},
	Date-Modified = {2014-01-22 20:08:12 +0000},
	Publisher = {Oxford University Press},
	Title = {{The Logic of Leviathan: the moral and political theory of Thomas Hobbes}},
	Year = {1969}}

@book{hampton1988hobbes,
	Author = {Hampton, Jean},
	Date-Added = {2014-01-22 20:07:56 +0000},
	Date-Modified = {2014-01-22 20:07:56 +0000},
	Publisher = {Cambridge University Press},
	Title = {Hobbes and the social contract tradition},
	Year = {1988}}

@article{konrad2012market,
	Author = {Konrad, Kai A and Skaperdas, Stergios},
	Date-Added = {2014-01-22 20:07:44 +0000},
	Date-Modified = {2014-01-22 20:07:44 +0000},
	Journal = {Economic Theory},
	Number = {2},
	Pages = {417--443},
	Publisher = {Springer},
	Title = {{The Market for Protection and the Origin of the State}},
	Volume = {50},
	Year = {2012}}

@book{taylor1987possibility,
	Author = {Taylor, Michael},
	Date-Added = {2014-01-22 20:07:18 +0000},
	Date-Modified = {2014-01-22 20:07:18 +0000},
	Publisher = {Cambridge University Press Cambridge},
	Title = {The possibility of cooperation},
	Year = {1987}}

@article{myerson2004justice,
	Author = {Myerson, Roger B},
	Date-Added = {2014-01-22 20:07:06 +0000},
	Date-Modified = {2014-01-22 20:07:06 +0000},
	Journal = {Chi. J. Int'l L.},
	Pages = {91},
	Publisher = {HeinOnline},
	Title = {Justice, institutions, and multiple equilibria},
	Volume = {5},
	Year = {2004}}

@book{gauthier1986morals,
	Author = {Gauthier, David P},
	Date-Added = {2014-01-22 20:06:56 +0000},
	Date-Modified = {2014-01-22 20:06:56 +0000},
	Publisher = {Oxford University Press},
	Title = {Morals by agreement},
	Year = {1986}}

@article{mcadams2000focal,
	Author = {McAdams, Richard H},
	Date-Added = {2014-01-22 20:06:49 +0000},
	Date-Modified = {2014-01-22 20:06:49 +0000},
	Journal = {Virginia Law Review},
	Pages = {1649--1729},
	Publisher = {JSTOR},
	Title = {A focal point theory of expressive law},
	Year = {2000}}

@article{muthoo2005stable,
	Author = {Muthoo, Abhinay},
	Date-Added = {2014-01-22 20:06:37 +0000},
	Date-Modified = {2014-01-22 21:09:30 +0000},
	Title = {Stable Coalitions in a State of Anarchy},
	Url = {http://www.lse.ac.uk/government/research/resgroups/PSPE/pdf/Muthoo.pdf},
	Journal = {Working Paper},
	Year = {2010}}

@article{roemer2010kantian,
	Author = {Roemer, John E},
	Date-Added = {2014-01-22 20:06:10 +0000},
	Date-Modified = {2014-01-22 20:06:10 +0000},
	Journal = {The Scandinavian Journal of Economics},
	Number = {1},
	Pages = {1--24},
	Publisher = {Wiley Online Library},
	Title = {Kantian equilibrium},
	Volume = {112},
	Year = {2010}}

@book{parfit2011matters,
	Author = {Parfit, Derek},
	Date-Added = {2014-01-22 20:06:01 +0000},
	Date-Modified = {2014-01-22 20:06:01 +0000},
	Publisher = {Oxford University Press},
	Title = {On what matters: volume one},
	Year = {2011}}

@article{young1996economics,
	Author = {Young, H Peyton},
	Date-Added = {2014-01-22 20:05:51 +0000},
	Date-Modified = {2014-01-22 20:05:51 +0000},
	Journal = {The Journal of Economic Perspectives},
	Number = {2},
	Pages = {105--122},
	Publisher = {JSTOR},
	Title = {The economics of convention},
	Volume = {10},
	Year = {1996}}

@book{shepsle1997analyzing,
	Author = {Shepsle, Kenneth A and Bonchek, Mark S},
	Date-Added = {2014-01-22 20:05:41 +0000},
	Date-Modified = {2014-01-22 20:05:41 +0000},
	Publisher = {New York},
	Title = {Analyzing politics: rationality, behavior and institutions},
	Year = {1997}}

@book{johnston2011brief,
	Author = {Johnston, David},
	Date-Added = {2014-01-22 20:05:25 +0000},
	Date-Modified = {2014-01-22 20:05:25 +0000},
	Publisher = {Wiley. com},
	Title = {A Brief History of Justice},
	Volume = {10},
	Year = {2011}}

@article{sen1970impossibility,
	Author = {Sen, Amartya},
	Date-Added = {2014-01-22 20:04:42 +0000},
	Date-Modified = {2014-01-22 20:04:42 +0000},
	Journal = {The journal of political economy},
	Number = {1},
	Pages = {152--157},
	Publisher = {JSTOR},
	Title = {{The Impossibility of a Paretian Liberal}},
	Volume = {78},
	Year = {1970}}

@article{coase1960problem,
	Author = {Coase, Ronald Harry},
	Date-Added = {2014-01-22 20:04:16 +0000},
	Date-Modified = {2014-01-22 20:04:16 +0000},
	Journal = {JL \& econ.},
	Pages = {1},
	Publisher = {HeinOnline},
	Title = {{Problem of Social Cost, The}},
	Volume = {3},
	Year = {1960}}

@article{sugden1985liberty,
	Author = {Sugden, Robert},
	Date-Added = {2014-01-22 20:04:06 +0000},
	Date-Modified = {2014-01-22 20:04:06 +0000},
	Journal = {Economics and Philosophy},
	Pages = {213--229},
	Publisher = {Cambridge Univ Press},
	Title = {Liberty, preference, and choice},
	Volume = {1},
	Year = {1985}}

@article{gibbard1974pareto,
	Author = {Gibbard, Allan},
	Date-Added = {2014-01-22 20:03:54 +0000},
	Date-Modified = {2014-01-22 20:03:54 +0000},
	Journal = {Journal of Economic Theory},
	Number = {4},
	Pages = {388--410},
	Publisher = {Academic Press},
	Title = {A Pareto-consistent libertarian claim},
	Volume = {7},
	Year = {1974}}

@book{elster1985making,
	Author = {Elster, Jon},
	Date-Added = {2014-01-22 20:03:29 +0000},
	Date-Modified = {2014-01-22 20:03:29 +0000},
	Publisher = {Cambridge University Press},
	Title = {{Making sense of Marx}},
	Year = {1985}}

@article{lucas1959moralists,
	Author = {Lucas, John R},
	Date-Added = {2014-01-22 20:03:21 +0000},
	Date-Modified = {2014-01-22 20:03:21 +0000},
	Journal = {Philosophy},
	Number = {128},
	Pages = {1--11},
	Publisher = {Cambridge Univ Press},
	Title = {Moralists and gamesmen},
	Volume = {34},
	Year = {1959}}

@book{braithwaite1955theory,
	Author = {Braithwaite, Richard Bevan},
	Date-Added = {2014-01-22 20:03:09 +0000},
	Date-Modified = {2014-01-22 20:03:09 +0000},
	Publisher = {University Press},
	Title = {{Theory of Games as a Tool for the Moral Philosopher: An Inaugural Lecture Delivered in Cambridge on 2 December 1954}},
	Year = {1955}}

@book{sen1970collective,
	Author = {Sen, Amartya K},
	Date-Added = {2014-01-22 20:02:58 +0000},
	Date-Modified = {2014-01-22 21:11:35 +0000},
	Publisher = {North-Holland Publishing Co.},
	Title = {Collective choice and social welfare},
	Year = {1970}}

@book{zajac1996political,
	Author = {Zajac, Edward E},
	Date-Added = {2014-01-22 20:02:45 +0000},
	Date-Modified = {2014-01-22 20:02:45 +0000},
	Publisher = {The MIT Press},
	Title = {Political economy of fairness},
	Year = {1996}}

@article{fehr1999theory,
	Author = {Fehr, Ernst and Schmidt, Klaus M},
	Date-Added = {2014-01-22 20:02:25 +0000},
	Date-Modified = {2014-01-22 20:02:25 +0000},
	Journal = {The quarterly journal of economics},
	Number = {3},
	Pages = {817--868},
	Publisher = {Oxford University Press},
	Title = {A theory of fairness, competition, and cooperation},
	Volume = {114},
	Year = {1999}}

@article{brams2003fair,
	Author = {Brams, Steven J},
	Date-Added = {2014-01-22 20:02:04 +0000},
	Date-Modified = {2014-01-22 20:02:04 +0000},
	Journal = {The Encyclopedia of Public Choice},
	Pages = {572--574},
	Publisher = {Springer},
	Title = {Fair division},
	Year = {2003}}

@book{list2007deliberation,
	Author = {List, Christian},
	Date-Added = {2014-01-22 20:01:48 +0000},
	Date-Modified = {2014-01-22 20:01:48 +0000},
	Publisher = {Palgrave Macmillan},
	Title = {Deliberation and agreement},
	Year = {2007}}

@book{habermas1992moral,
	Author = {Habermas, J Rgen},
	Date-Added = {2014-01-22 20:01:38 +0000},
	Date-Modified = {2014-01-22 20:01:38 +0000},
	Publisher = {The MIT Press},
	Title = {Moral consciousness and communicative action},
	Year = {1992}}

@book{mill2010considerations,
	Author = {Mill, John Stuart},
	Date-Added = {2014-01-22 20:01:21 +0000},
	Date-Modified = {2014-01-22 20:01:21 +0000},
	Publisher = {Cambridge University Press},
	Title = {Considerations on representative government},
	Year = {2010}}

@article{cohen1989deliberation,
	Author = {Cohen, Joshua},
	Date-Added = {2014-01-22 20:01:08 +0000},
	Date-Modified = {2014-01-22 20:01:08 +0000},
	Journal = {Debates in Contemporary Political Philosophy},
	Pages = {342},
	Title = {Deliberation and democratic legitimacy},
	Year = {1989}}

@book{sen2009idea,
	Author = {Sen, Amartya K},
	Date-Added = {2014-01-22 20:00:47 +0000},
	Date-Modified = {2014-01-22 20:00:47 +0000},
	Publisher = {Harvard University Press},
	Title = {{The Idea of Justice}},
	Year = {2009}}

@article{hafer2007deliberation,
	Author = {Hafer, Catherine and Landa, Dimitri},
	Date-Added = {2014-01-22 20:00:35 +0000},
	Date-Modified = {2014-01-22 20:00:35 +0000},
	Journal = {Journal of Theoretical Politics},
	Number = {3},
	Pages = {329--360},
	Publisher = {Sage Publications},
	Title = {Deliberation as self-discovery and institutions for political speech},
	Volume = {19},
	Year = {2007}}

@incollection{fearon1998,
	Author = {James Fearon},
	Booktitle = {Deliberative democracy},
	Date-Added = {2014-01-22 19:59:07 +0000},
	Date-Modified = {2014-01-22 19:59:38 +0000},
	Editor = {Elster, Jon},
	Publisher = {Cambridge University Press},
	Title = {Deliberation as Discussion},
	Volume = {1},
	Year = {1998}}

@article{dryzek2003social,
	Author = {Dryzek, John S and List, Christian and others},
	Date-Added = {2014-01-22 19:58:46 +0000},
	Date-Modified = {2014-01-22 19:58:46 +0000},
	Journal = {British Journal of Political Science},
	Number = {1},
	Pages = {1--28},
	Publisher = {Cambridge Univ Press},
	Title = {Social choice theory and deliberative democracy: a reconciliation},
	Volume = {33},
	Year = {2003}}

@article{austen2006deliberation,
	Author = {Austen-Smith, David and Feddersen, Timothy J},
	Date-Added = {2014-01-22 19:58:35 +0000},
	Date-Modified = {2014-01-22 19:58:35 +0000},
	Journal = {American Political Science Review},
	Number = {2},
	Pages = {209},
	Publisher = {Cambridge Univ Press},
	Title = {Deliberation, Preference Unccrtainty, and Voting Rules},
	Volume = {100},
	Year = {2006}}

@book{roemer1994future,
	Author = {Roemer, John E},
	Date-Added = {2014-01-22 19:58:13 +0000},
	Date-Modified = {2014-01-22 19:58:13 +0000},
	Publisher = {Harvard University Press},
	Title = {A future for socialism},
	Year = {1994}}

@book{johnston1994idea,
	Author = {Johnston, David},
	Date-Added = {2014-01-22 19:58:04 +0000},
	Date-Modified = {2014-01-22 19:58:04 +0000},
	Publisher = {Cambridge Univ Press},
	Title = {The idea of a liberal theory: A critique and reconstruction},
	Year = {1994}}

@article{cohen1989currency,
	Author = {Cohen, Gerald A},
	Date-Added = {2014-01-22 19:55:36 +0000},
	Date-Modified = {2014-01-22 19:55:36 +0000},
	Journal = {Ethics},
	Number = {4},
	Pages = {906--944},
	Publisher = {JSTOR},
	Title = {On the currency of egalitarian justice},
	Volume = {99},
	Year = {1989}}

@incollection{sen1993capability,
	Author = {Sen, Amartya K},
	Booktitle = {The quality of life},
	Date-Added = {2014-01-22 19:54:47 +0000},
	Date-Modified = {2014-01-22 20:00:08 +0000},
	Editor = {Nussbaum, Martha C and Sen, Amartya K and Sugden, Robert},
	Publisher = {Clarendon Press Oxford},
	Title = {Capability and Well-Being},
	Year = {1993}}

@article{dworkin1981equality,
	Author = {Dworkin, Ronald},
	Date-Added = {2014-01-22 19:53:37 +0000},
	Date-Modified = {2014-01-22 19:53:37 +0000},
	Journal = {Philosophy \& Public Affairs},
	Number = {4},
	Pages = {283--345},
	Publisher = {JSTOR},
	Title = {What is equality? Part 2: Equality of resources},
	Volume = {10},
	Year = {1981}}

@book{jj1987utilitarianism,
	Author = {JJ, C and Quinton, Anthony and Williams, Bernard},
	Date-Added = {2014-01-22 19:53:16 +0000},
	Date-Modified = {2014-01-22 19:53:16 +0000},
	Publisher = {Cambridge Univ Press},
	Title = {Utilitarianism: for and against},
	Year = {1987}}

@book{mill1971utilitarianism,
	Author = {Mill, John Stuart},
	Date-Added = {2014-01-22 19:52:58 +0000},
	Date-Modified = {2014-01-22 19:52:58 +0000},
	Publisher = {Bobbs-Merrill},
	Title = {Utilitarianism},
	Volume = {7},
	Year = {1971}}

@article{sen1979utilitarianism,
	Author = {Sen, Amartya},
	Date-Added = {2014-01-22 19:52:46 +0000},
	Date-Modified = {2014-01-22 19:52:46 +0000},
	Journal = {The Journal of Philosophy},
	Number = {9},
	Pages = {463--489},
	Publisher = {JSTOR},
	Title = {Utilitarianism and welfarism},
	Volume = {76},
	Year = {1979}}

@book{binmore2005natural,
	Author = {Binmore, Ken},
	Date-Added = {2014-01-22 19:52:35 +0000},
	Date-Modified = {2014-01-22 19:52:35 +0000},
	Publisher = {Oxford University Press},
	Title = {{Natural Justice}},
	Year = {2005}}

@book{rawls1999theory,
	Author = {Rawls, John},
	Date-Added = {2014-01-22 19:52:22 +0000},
	Date-Modified = {2014-01-22 19:52:22 +0000},
	Publisher = {Belknap Press},
	Title = {{A Theory of Justice}},
	Year = {1999}}

@book{smith2010theory,
	Author = {Smith, Adam},
	Date-Added = {2014-01-22 19:52:15 +0000},
	Date-Modified = {2014-01-22 19:52:15 +0000},
	Publisher = {Penguin},
	Title = {The theory of moral sentiments},
	Year = {2010}}

@book{kant2002groundwork,
	Author = {Kant, Immanual},
	Date-Added = {2014-01-22 19:52:05 +0000},
	Date-Modified = {2014-01-22 19:52:05 +0000},
	Publisher = {Yale University Press},
	Title = {Groundwork for the Metaphysics of Morals},
	Year = {2002}}

@article{roemer2002egalitarianism,
	Author = {Roemer, John E},
	Date-Added = {2014-01-22 19:51:39 +0000},
	Date-Modified = {2014-01-22 19:51:39 +0000},
	Journal = {The Journal of philosophy},
	Number = {4},
	Pages = {167--184},
	Publisher = {JSTOR},
	Title = {Egalitarianism against the veil of ignorance},
	Volume = {99},
	Year = {2002}}

@article{harsanyi1953cardinal,
	Author = {Harsanyi, John C},
	Date-Added = {2014-01-22 19:51:17 +0000},
	Date-Modified = {2014-01-22 19:51:17 +0000},
	Journal = {The Journal of Political Economy},
	Number = {5},
	Pages = {434},
	Title = {Cardinal utility in welfare economics and in the theory of risk-taking},
	Volume = {61},
	Year = {1953}}

@article{grofman1988rousseau,
	Author = {Grofman, Bernard and Feld, Scott L},
	Date-Added = {2014-01-22 19:50:46 +0000},
	Date-Modified = {2014-01-22 19:50:46 +0000},
	Journal = {The American Political Science Review},
	Pages = {567--576},
	Publisher = {JSTOR},
	Title = {Rousseau's general will: a Condorcetian perspective},
	Year = {1988}}

@article{schwartzberg2008voting,
	Author = {Schwartzberg, Melissa},
	Date-Added = {2014-01-22 19:50:37 +0000},
	Date-Modified = {2014-01-22 19:50:37 +0000},
	Journal = {Political Theory},
	Number = {3},
	Pages = {403--423},
	Publisher = {Sage Publications},
	Title = {Voting the General Will Rousseau on Decision Rules},
	Volume = {36},
	Year = {2008}}

@article{weymark1991reconsideration,
	Author = {Weymark, John A},
	Date-Added = {2014-01-22 19:49:49 +0000},
	Date-Modified = {2014-01-22 19:49:49 +0000},
	Journal = {Interpersonal comparisons of well-being},
	Publisher = {Cambridge University Press, Cambridge},
	Title = {A reconsideration of the Harsanyi--Sen debate on utilitarianism},
	Volume = {255},
	Year = {1991}}

@book{elster1993interpersonal,
	Author = {Elster, Jon and Roemer, John E},
	Date-Added = {2014-01-22 19:48:50 +0000},
	Date-Modified = {2014-01-22 19:48:50 +0000},
	Publisher = {Cambridge University Press},
	Title = {Interpersonal comparisons of well-being},
	Year = {1993}}

@book{arrow2012social,
	Author = {Arrow, Kenneth J},
	Date-Added = {2014-01-22 19:48:18 +0000},
	Date-Modified = {2014-01-22 19:48:18 +0000},
	Publisher = {Yale university press},
	Title = {Social choice and individual values},
	Volume = {12},
	Year = {2012}}

@article{sen1977weights,
	Author = {Sen, Amartya},
	Date-Added = {2014-01-22 19:48:04 +0000},
	Date-Modified = {2014-01-22 19:48:04 +0000},
	Journal = {Econometrica: Journal of the Econometric Society},
	Pages = {1539--1572},
	Publisher = {JSTOR},
	Title = {On weights and measures: informational constraints in social welfare analysis},
	Year = {1977}}

@article{runciman1965vi,
	Author = {Runciman, Walter G and Sen, Amartya K},
	Date-Added = {2014-01-22 19:47:51 +0000},
	Date-Modified = {2014-01-22 19:49:11 +0000},
	Journal = {Mind},
	Number = {296},
	Pages = {554--562},
	Publisher = {Mind Assoc},
	Title = {Games, Justice, and the General Will},
	Volume = {74},
	Year = {1965}}

@article{sen1979personal,
	Author = {Sen, Amartya},
	Date-Added = {2014-01-22 19:47:17 +0000},
	Date-Modified = {2014-01-22 19:47:17 +0000},
	Journal = {The economic journal},
	Pages = {537--558},
	Publisher = {JSTOR},
	Title = {Personal utilities and public judgements: or what's wrong with welfare economics},
	Year = {1979}}

@article{greene2008cognitive,
	Author = {Greene, Joshua D and Morelli, Sylvia A and Lowenberg, Kelly and Nystrom, Leigh E and Cohen, Jonathan D},
	Date-Added = {2014-01-22 19:46:36 +0000},
	Date-Modified = {2014-01-22 19:46:36 +0000},
	Journal = {Cognition},
	Number = {3},
	Pages = {1144--1154},
	Publisher = {Elsevier},
	Title = {Cognitive load selectively interferes with utilitarian moral judgment},
	Volume = {107},
	Year = {2008}}

@article{baron2004omission,
	Author = {Baron, Jonathan and Ritov, Ilana},
	Date-Added = {2014-01-22 19:46:23 +0000},
	Date-Modified = {2014-01-22 19:46:23 +0000},
	Journal = {Organizational Behavior and Human Decision Processes},
	Number = {2},
	Pages = {74--85},
	Publisher = {Elsevier},
	Title = {Omission bias, individual differences, and normality},
	Volume = {94},
	Year = {2004}}

@article{thomson1976killing,
	Author = {Thomson, Judith Jarvis},
	Date-Added = {2014-01-22 19:46:12 +0000},
	Date-Modified = {2014-01-22 19:46:12 +0000},
	Journal = {The Monist},
	Number = {2},
	Pages = {204--217},
	Publisher = {JSTOR},
	Title = {Killing, letting die, and the trolley problem},
	Volume = {59},
	Year = {1976}}

@article{descioli2009mysteries,
	Author = {DeScioli, Peter and Kurzban, Robert},
	Date-Added = {2014-01-22 19:46:02 +0000},
	Date-Modified = {2014-01-22 19:46:02 +0000},
	Journal = {Cognition},
	Number = {2},
	Pages = {281--299},
	Publisher = {Elsevier},
	Title = {Mysteries of morality},
	Volume = {112},
	Year = {2009}}

@article{pierce2012wild,
	Author = {Pierce, Jessica and Bekoff, Marc},
	Date-Added = {2014-01-22 19:45:26 +0000},
	Date-Modified = {2014-01-22 19:45:26 +0000},
	Journal = {Social Justice Research},
	Number = {2},
	Pages = {122--139},
	Publisher = {Springer},
	Title = {Wild justice redux: What we know about social justice in animals and why it matters},
	Volume = {25},
	Year = {2012}}

@article{daly1988evolutionary,
	Author = {Daly, Martin and Wilson, Margo},
	Date-Added = {2014-01-22 19:45:08 +0000},
	Date-Modified = {2014-01-22 19:45:08 +0000},
	Journal = {Science},
	Publisher = {American Assn for the Advancement of Science},
	Title = {Evolutionary social psychology and family homicide.},
	Year = {1988}}

@article{fehr2002altruistic,
	Author = {Fehr, Ernst and G{\"a}chter, Simon},
	Date-Added = {2014-01-22 19:44:38 +0000},
	Date-Modified = {2014-01-22 19:44:38 +0000},
	Journal = {Nature},
	Number = {6868},
	Pages = {137--140},
	Publisher = {Nature Publishing Group},
	Title = {Altruistic punishment in humans},
	Volume = {415},
	Year = {2002}}

@article{graham2009liberals,
	Author = {Graham, Jesse and Haidt, Jonathan and Nosek, Brian A},
	Date-Added = {2014-01-22 19:43:57 +0000},
	Date-Modified = {2014-01-22 19:43:57 +0000},
	Journal = {Journal of personality and social psychology},
	Number = {5},
	Pages = {1029},
	Publisher = {American Psychological Association},
	Title = {Liberals and conservatives rely on different sets of moral foundations.},
	Volume = {96},
	Year = {2009}}

@article{waldmann2007throwing,
	Author = {Waldmann, Michael R and Dieterich, J{\"o}rn H},
	Date-Added = {2014-01-22 19:43:33 +0000},
	Date-Modified = {2014-01-22 19:43:33 +0000},
	Journal = {Psychological science},
	Number = {3},
	Pages = {247--253},
	Publisher = {SAGE Publications},
	Title = {Throwing a Bomb on a Person Versus Throwing a Person on a Bomb Intervention Myopia in Moral Intuitions},
	Volume = {18},
	Year = {2007}}

@book{mackie1990ethics,
	Author = {Mackie, John},
	Date-Added = {2014-01-22 19:42:51 +0000},
	Date-Modified = {2014-01-22 19:42:51 +0000},
	Publisher = {Penguin UK},
	Title = {Ethics: Inventing right and wrong},
	Year = {1990}}

@article{sethi2001preference,
	Author = {Sethi, Rajiv and Somanathan, E},
	Date-Added = {2014-01-22 19:42:24 +0000},
	Date-Modified = {2014-01-22 19:42:24 +0000},
	Journal = {Journal of economic theory},
	Number = {2},
	Pages = {273--297},
	Publisher = {Elsevier},
	Title = {Preference evolution and reciprocity},
	Volume = {97},
	Year = {2001}}

@article{guth1995evolutionary,
	Author = {G{\"u}th, Werner},
	Date-Added = {2014-01-22 19:42:07 +0000},
	Date-Modified = {2014-01-22 19:42:07 +0000},
	Journal = {International Journal of Game Theory},
	Number = {4},
	Pages = {323--344},
	Publisher = {Springer},
	Title = {An evolutionary approach to explaining cooperative behavior by reciprocal incentives},
	Volume = {24},
	Year = {1995}}

@book{hutcheson1728illustrations,
	Author = {Hutcheson, Francis},
	Date-Added = {2014-01-22 19:41:50 +0000},
	Date-Modified = {2014-01-22 19:41:50 +0000},
	Title = {Illustrations on the moral sense},
	Year = {1728}}

@book{dawkins2006selfish,
	Author = {Dawkins, Richard},
	Date-Added = {2014-01-22 19:41:27 +0000},
	Date-Modified = {2014-01-22 19:41:27 +0000},
	Publisher = {Oxford university press},
	Title = {The selfish gene},
	Year = {2006}}

@article{dekel2007evolution,
	Author = {Dekel, Eddie and Ely, Jeffrey C and Yilankaya, Okan},
	Date-Added = {2014-01-22 19:40:27 +0000},
	Date-Modified = {2014-01-22 19:40:27 +0000},
	Journal = {The Review of Economic Studies},
	Number = {3},
	Pages = {685--704},
	Publisher = {Oxford University Press},
	Title = {Evolution of preferences},
	Volume = {74},
	Year = {2007}}

@article{descioli2012solution,
	Author = {DeScioli, Peter and Kurzban, Robert},
	Date-Added = {2014-01-22 19:40:12 +0000},
	Date-Modified = {2014-01-22 21:07:05 +0000},
	Journal = {Psychological Bulletin},
	Number = {2},
	Publisher = {American Psychological Association},
	Title = {A Solution to the Mysteries of Morality.},
	Volume = {139},
	Year = {2012}}

@book{joyce2006evolution,
	Author = {Joyce, Richard},
	Date-Added = {2014-01-22 19:39:56 +0000},
	Date-Modified = {2014-01-22 19:39:56 +0000},
	Publisher = {The MIT Press},
	Title = {The evolution of morality},
	Year = {2006}}

@book{taylor1982community,
	Author = {Taylor, Michael},
	Date-Added = {2014-01-16 20:23:13 +0000},
	Date-Modified = {2014-01-16 20:23:13 +0000},
	Publisher = {Cambridge University Press},
	Title = {Community, anarchy and liberty},
	Year = {1982}}

@book{roemer1998theories,
	Author = {Roemer, John E},
	Date-Added = {2014-01-16 20:22:07 +0000},
	Date-Modified = {2014-01-16 20:22:07 +0000},
	Publisher = {Harvard University Press},
	Title = {Theories of distributive justice},
	Year = {1998}}

@incollection{scanlon1993,
	Author = {Thomas Scanlon},
	Booktitle = {Interpersonal comparisons of well-being},
	Date-Added = {2014-01-16 17:45:46 +0000},
	Date-Modified = {2014-01-22 19:39:09 +0000},
	Editor = {Elster, Jon and Roemer, John E},
	Publisher = {Cambridge University Press},
	Title = {The Moral Basis of Interpersonal Comparisons},
	Year = {1993}}

@book{binmore1998game,
	Author = {Binmore, Kenneth George},
	Date-Added = {2014-01-16 17:45:21 +0000},
	Date-Modified = {2014-01-16 17:45:21 +0000},
	Publisher = {The MIT Press},
	Title = {Game theory and the social contract: Playing fair},
	Volume = {2},
	Year = {1998}}

@book{parfit1984reasons,
	Author = {Parfit, Derek},
	Date-Added = {2014-01-16 17:44:48 +0000},
	Date-Modified = {2014-01-16 17:44:48 +0000},
	Publisher = {Oxford University Press},
	Title = {{Reasons and Persons}},
	Year = {1984}}

@book{elster2007explaining,
	Author = {Elster, Jon},
	Date-Added = {2014-01-16 17:44:11 +0000},
	Date-Modified = {2014-01-16 17:44:11 +0000},
	Publisher = {Cambridge University Press},
	Title = {Explaining social behavior: More nuts and bolts for the social sciences},
	Year = {2007}}

@book{camerer2003behavioral,
	Author = {Camerer, Colin},
	Date-Added = {2014-01-16 17:43:15 +0000},
	Date-Modified = {2014-01-16 17:43:15 +0000},
	Publisher = {Princeton University Press},
	Title = {Behavioral game theory: Experiments in strategic interaction},
	Year = {2003}}
