---
---


@article{PA2023,
  title={Trading Liberties: Estimating Covid policy preferences from conjoint data (PA forthcoming)},
  abbr = {Replication},
  html = {https://wzb-ipi.github.io/vaccine_freedoms/}
}


@article{PNAS2021,
  title={Spurring vaccination uptake (PNAS 2021)},
  abbr = {Replication},
  html = {https://wzb-ipi.github.io/covid_hesitancy_2021/}
}


@article{NM021,
  title={Vaccine hesitancy (Nature Medicine 2021)},
  abbr = {Replication},
  html = {https://wzb-ipi.github.io/covid_vaccines_nmed}
}

@article{CDR,
  title={Community driven reconstruction (JDE 2019)},
  abbr = {Replication},
  html = {https://github.com/macartan/replication_jde2019_drc/blob/master/20190805_rep.md}
}

@article{JDE2018,
  title={Gender Quotas (JDE 2018)},
  abbr = {Replication},
  html = {https://github.com/macartan/VDW-H-SDS_2018/blob/master/Replication.md}
}

@article{JOP2018,
  title={Housing discrimination (JOP 2018)},
  abbr = {Replication},
  html = {https://macartan.github.io/F-G-H_2018/}
}

@article{APSR 2014,
   title={On Information Technology and Interest Articulation (APSR 2014)},
   abbr = {Replication},
   html = {https://dataverse.harvard.edu/dataset.xhtml?persistentId=doi:10.7910/DVN/27192&studyListingIndex=1_66fb55be10416439f6238d7c55a9}
}

@article{CUP2007,
   title={Political economy of natural resource funds (CUP 2007)},
   abbr={Replication},
   zip={https://macartan.github.io/code/2007_HS/hs07.zip}
}

@article{WP2007,
   title={Role of leaders in democratic deliberations (World Politics 2007)},
   abbr={Replication},
   zip={https://macartan.github.io/code/wp2007/HMS_REP.zip}
}

@article{JCR2007,
   title={Demobilization and reintegration (JCR 2007)},
   abbr= {Replication},
   zip={https://macartan.github.io/code/jcr2007.zip}
}

@article{APSR2006,
  title={Handling and manhandling civilians in civil war (APSR 2006)},
  abbr = {Replication},
  zip = {https://macartan.github.io/code/apsr2006/APSR_REPLICATION.zip}
}

@article{BJPS2005,
  title={Political institutions and economic policies: Lessons from Africa (BJPS 2005)},
  abbr = {Replication},
  zip = {https://macartan.github.io/code/BJPS05.zip}
}

@article{JCR2005,
   title={Natural resources, conflict and conflict resolution (JCR 2005)},
   abbr={Replication},
   zip={https://macartan.github.io/code/MH8JCR05.zip}
}

@article{WP2022,
   title={Political salience and regime resilience (WP 2022)}, 
   abbr={Replication}, 
   html={https://macartan.github.io/code/2022_SHH_graphs.html}
}

@article{APSR2015,
   title={Mixing methods: A Bayesian approach (APSR 2015)},
   abbr={Replication},
   html={https://macartan.github.io/code/2015_AJ_Replication.html}
}
